@misc{deathzone,
    author          =   {{Aylin Woodward,  Ashley Collman, Maiya Focht}},
    year            =   {2023},
    title           =   {{What happens to your body in Mount Everest's 'death zone'}},
    howpublished    =   {\url{https://www.businessinsider.com/mount-everest-death-zone-what-happens-to-body-2019-5?IR=T}},
}

@misc{adaptacja,
    author          =   {{Jun Ke, Lei Wang, Daliao Xiao}},
    year            =   {2016},
    title           =   {{Cardiovascular Adaptation to High-Altitude Hypoxia}},
    howpublished    =   {\url{https://www.intechopen.com/chapters/52428}},
}

@misc{spo2,
    author          =   {{DÃ¼nnwald Tobias, Kienast Roland, Niederseer David, Burtscher Martin}},
    year            =   {2021},
    title           =   {{The Use of Pulse Oximetry in the Assessment of Acclimatization to High Altitude}},
    howpublished    =   {\url{https://web.archive.org/web/20220518010147id_/https://www.zora.uzh.ch/id/eprint/216125/1/sensors-21-01263-v2.pdf}},
}

@misc{github,
    author          =   {{Szymon Chmielewski}},
    year            =   {2023},
    title           =   {{Reflex-App-Java-Firebase}},
    howpublished    =   {\url{https://github.com/Szym0nion/Reflex-App-Java-Firebase}},
}

@misc{badaniaSPO2,
    author          =   {{Gerard FA Jansen, Budda Basnyat}},
    year            =   {2010},
    title           =   {{Brain blood flow in Andean and Himalayan high-altitude populations: evidence of different traits for the same environmental constraint}},
    howpublished    =   {\url{https://www.ncbi.nlm.nih.gov/pmc/articles/PMC3049524}},
}

@book{firebase,
	AUTHOR          =   {Ashok Kumar},
	TITLE           =   {{Mastering Firebase for Android Development}},
	PUBLISHER       =   {Packt Publishing Limited},
	YEAR            =   {2018},
}

@misc{MVP,
    author          =   {{Florina Muntenescu}},
    year            =   {2016},
    title           =   {{Android Architecture Patterns Part 2: Model-View-Presenter}},
    howpublished    =   {\url{https://medium.com/upday-devs/android-architecture-patterns-part-2-model-view-presenter-8a6faaae14a5}},
}

@book{testy,
	AUTHOR          =   {Thomas Todd},
	TITLE           =   {{The Art of Software Testing}},
	PUBLISHER       =   {John Wiley and Sons AND Sons LTD},
	YEAR            =   {2004},
}

@book{arduino,
	AUTHOR          =   {Michael Shiloh, Massimo Banzi},
	TITLE           =   {{Getting Started with Arduino 4e}},
	PUBLISHER       =   {O'Reilly Media, Inc, USA},
	YEAR            =   {2022},
}

@misc{hipoksja,
    author          =   {{Constantini Keren, Bouillet Anna, Wiggins Chad, Martin Bruce, Chapman Robert}},
    year            =   {2021},
    title           =   {{Ventilatory Responsiveness during Exercise and Performance Impairment in Acute Hypoxia}},
    howpublished    =   {\url{https://journals.lww.com/acsm-msse/fulltext/2021/02000/ventilatory_responsiveness_during_exercise_and.6.aspx}},
}

@misc{max30102,
    title           =   {{Dokumentacja techniczna czujnika MAX30102}},
    howpublished    =   {\url{https://www.analog.com/media/en/technical-documentation/data-sheets/max30102.pdf}},
}

@misc{arduinofota,
    howpublished    =   {\url{https://pl.aliexpress.com/item/1005002976480289.html?spm=a2g0o.order_list.order_list_main.34.462c1c249SmMPK&gatewayAdapt=glo2pol}},
}